%
% duma.bib -- feed for BiBTeX we so much love to hate
%

%%
%% Books
%%
@BOOK{XP,
	author		= "Kent Beck",
	title		= "Extreme Programming Explained",
	publisher	= "Addison-Wesley Professional",
	year		= 1999,
}

@BOOK{Java,
	author		= "Carl Albing and Michael Schwarz",
	title		= "{Java\texttrademark} Application Development on "
			# "{Linux\textsuperscript\textregistered}",
	publisher	= "Prentice Hall Professional Technical Reference",
	address		= "Boston",
	year		= 2004,
}

@MANUAL{SWEBOK,
	title		= "{SWEBOK\textsuperscript\textregistered}: "
			# "Guide to the Software Engineering Body of Knowledge",
	editor		= "Pierre Bourque and Robert Dupois",
	edition		= 2004,
	organization	= "IEEE Computer Society",
	url		= "http://www.swebok.org",
}

@BOOK{TeXBook,
	author		= "Donald E. Knuth",
	title		= "The \TeX book",
	publisher	= "Addison-Wesley",
	year		= 1984,
}

# XXX missing `url'
@BOOK{ESR,
	author		= "Eric S. Raymond",
	title		= "The Art of {Unix} Programming",
	publisher	= "Addison-Wesley Professional",
	year		= 2003,
}

@BOOKLET{Critique,
	author		= "Ian Joyner",
	title		= "{C++??} : A Critique of {C++}",
	year		= 1996,
	edition		= "3rd",
	url		= "http://burks.brighton.ac.uk/burks/pcinfo/progdocs/cppcrit",
}

@BOOKLET{SecProg,
	author		= "David A. Wheeler",
	title		= "Secure Programming for {Linux} and {Unix} {HOWTO}",
	year		= 2003,
	url		= "http://www.dwheeler.com/secure-programs",
}

@BOOK{PostScript1,
	author		= "Bill Casselman",
	title		= "Mathematical Illustrations: A Manual of Geometry and {PostScript}",
	publisher	= "University of British Columbia",
	address		= "Vancouver",
	year		= 2005,
	url		= "http://www.math.ubc.ca/~cass/graphics/manual",
}

@MANUAL{PostScript2,
	title		= "{PostScript} Language---Tutorial and Cookbook",
	organization	= "Adobe Systems, Inc.",
	year		= 1985,
}

%%
%% Standards and references
%%
@MANUAL{USDA,
	title		= "National Nutrient Database for Standard Reference, Release~19",
	organization	= "U.S. Department of Agriculture",
	year		= 2006,
	month		= Aug,
	url		= "http://www.ars.usda.gov/Services/docs.htm?docid=8964",
}

@MANUAL{IEEE:unit_testing,
	title		= "{IEEE Std 1008-1987}: Standard for Software Unit Testing",
	organization	= "IEEE Computer Society",
	year		= 1986,
}

@MANUAL{CORBA,
	title		= "{CORBA} {C++} Language Mapping Specification",
	version		= "1.1",
	organization	= "Object Management Group, Inc.",
	year		= 2003,
	monthe		= Jun,
}

@MANUAL{gccman,
	author		= "Richard M. Stallman and {the GCC Developer Community}",
	title		= "Using the {GNU} Compiler Collection",
	organization	= "Free Software Foundation",
	year		= 2007,
	url		= "http://gcc.gnu.org/onlinedocs/gcc-4.1.2/gcc",
}

%%
%% University
%%
@MASTERSTHESIS{TDK,
	author		= "Gaál, Balázs",
	title		= {\foreignlanguage{magyar}{Intelligens menügenerálás
			   táplálkozási tanácsadó rendszerhez}},
	type		= "{TDK} thesis",
	year		= 2003,
	school		= "University of Veszprém",
	address		= "Hungary",
}

% BiBTeX is such a great fun, you wouldn't believe.
@MASTERSTHESIS{Attee,
	author		= "Czigány, Attila",
	title		= {\foreignlanguage{magyar}{Szakértõi rendszer
			   monitorozó szolgáltatásának tervezése és
			   megvalósítása {J2EE} technológiával}},
	year		= 2006,
	school		= "University of Veszprém",
	address		= "Hungary",
}


%%
%% Articles
%%
@ARTICLE{IEEE:maintainability,
	author		= "Salvatore Mamone",
	title		= "The {IEEE} Standard for Software Maintenance",
	journal		= "ACM SIGSOFT Software Engineering",
	volume		= 19,
	number		= 1,
	year		= 1994,
}

@TECHREPORT{Knuth,
	author		= "Donald E. Knuth",
	title		= "A torture test for {\TeX}",
	version		= 3,
	institution	= "Stanford University",
	year		= 1990,
	month		= Jan,
}

@ARTICLE{Lindsay,
	author		= "Bruce Lindsay",
	title		= "Designing for failure may be the key to success. "
			# "{Interview by Steve Bourne}",
	journal		= "ACM Queue",
	volume		= 2,
	number		= 8,
	year		= 2004,
	month		= Nov,
}

%%
%% Presentations
%%
@TALK{dietlibc,
	author		= "Felix von Leitner",
	title		= "Writing Small and Fast Software",
	event		= "Chemnitzer Linux Tag 4",
	year		= 2001,
	month		= Jan,
}

@TALK{qbot,
	author		= "Endrõdi, Ádám",
	title		= "\texttt{qbot}: A framework for the creation "
			# "of robots testing networking programs",
	event		= "Semiannual Symposium on Software Engineering",
	organization	= "Dept. of Information Systems, University of Veszprém",
	year		= 2007,
	month		= Jan,
}

%%
%% Booklets
%%
@BOOKLET{LiteFAQ,
	author		= "Marshall Cline",
	title		= "C++ {FAQ} Lite",
	year		= 2007,
	url		= "http://www.parashift.com/c++-faq-lite",
}

@BOOKLET{GotW,
	author		= "Herb Sutter",
	title		= "Guru of the Week",
	howpublished	= "Electronic archive",
	year		= "1997--2003",
	url		= "http://www.gotw.ca/gotw",
}

%%
%% Leaflets
%%
%% XXX missing full `author'
@TECHREPORT{OWASP,
	author		= "Vanderaj",
	title		= "{PHP} Top 5",
	institution	= "Open Web Application Security Project",
	year		= 2006,
	month		= Jun,
	url		= "http://www.owasp.org/index.php/PHP_Top_5",
}

@BOOKLET{Joel,
	author		= "Joel Spolsky",
	title		= "Things You Should Never Do, Part I",
	year		= 2000,
	month		= Apr,
	url		= "http://www.joelonsoftware.com",
}

%% XXX missing `year'
@BOOKLET{ICC,
	key		= "zzz",
	title		= "Commercial company compiles kernel with {ICC}",
	howpublished	= "KernelTrap forum thread",
	url		= "http://kerneltrap.org/node/3866",
}

% End of duma.bib
